
@misc{white:2023,
title={A Prompt Pattern Catalog to Enhance Prompt Engineering with ChatGPT}, 
author={Jules White and Quchen Fu and Sam Hays and Michael Sandborn and Carlos Olea and Henry Gilbert and Ashraf Elnashar and Jesse Spencer-Smith and Douglas C. Schmidt},
year={2023},
eprint={2302.11382},
archivePrefix={arXiv},
url={https://arxiv.org/abs/2302.11382}, 
}

@inproceedings{kong:2021,
author = {Kong, Yeqing and Xie, Chenxing and Wang, Jiacheng and Jones, Hunter and Ding, Huiling},
title = {AI-Assisted Recruiting Technologies: Tools, Challenges, and Opportunities},
year = {2021},
doi = {10.1145/3472714.3473697},
booktitle = {Proceedings of the 39th ACM International Conference on Design of Communication},
pages = {359–361},
numpages = {3},
series = {SIGDOC '21}
}

@inproceedings{drage:2022,
author = {Drage, Eleanor and Mackereth, Kerry},
title = {Does AI De-Bias Recruitment? Race, Gender, and AI's 'Eradication of Differences Between Groups'},
year = {2022},
doi = {10.1145/3514094.3534151},
booktitle = {Proceedings of the 2022 AAAI/ACM Conference on AI, Ethics, and Society},
pages = {237},
numpages = {1},
series = {AIES '22}
}

@article{hunkenschroer:2022,
  title={Ethics of AI-enabled recruiting and selection: A review and research agenda},
  author={Hunkenschroer, Anna Lena and Luetge, Christoph},
  journal={Journal of Business Ethics},
  volume={178},
  number={4},
  pages={977--1007},
  year={2022},
  publisher={Springer}
}

@article{rigotti:2024,
title = {Fairness, AI \& recruitment},
journal = {Computer Law \& Security Review},
volume = {53},
pages = {105966},
year = {2024},
doi = {10.1016/j.clsr.2024.105966},
author = {Carlotta Rigotti and Eduard Fosch-Villaronga}
}

@inproceedings{alami:2024,
author = {Alami, Adam and Zahedi, Mansooreh and Ernst, Neil},
title = {Are You a Real Software Engineer? Best Practices in Online Recruitment for Software Engineering Studies},
year = {2024},
doi = {10.1145/3643664.3648207},
booktitle = {Proceedings of the 1st IEEE/ACM International Workshop on Methodological Issues with Empirical Studies in Software Engineering},
pages = {52–57},
numpages = {6},
series = {WSESE '24}
}

@inproceedings{hitron:2023,
author = {Hitron, Tom and Morag Yaar, Noa and Erel, Hadas},
title = {Implications of AI Bias in HRI: Risks (and Opportunities) when Interacting with a Biased Robot},
year = {2023},
doi = {10.1145/3568162.3576977},
booktitle = {Proceedings of the 2023 ACM/IEEE International Conference on Human-Robot Interaction},
pages = {83–92},
numpages = {10},
series = {HRI '23}
}

@article{nikolaou:2021, 
title={What is the Role of Technology in Recruitment and Selection?}, 
volume={24}, 
doi={10.1017/SJP.2021.6}, 
journal={The Spanish Journal of Psychology}, 
author={Nikolaou, Ioannis}, 
year={2021}, 
pages={e2}
} 